@article{arunarani2019task,
  title={Task scheduling techniques in cloud computing: A literature survey},
  author={Arunarani, AR and Manjula, Dhanabalachandran and Sugumaran, Vijayan},
  journal={Future Generation Computer Systems},
  volume={91},
  pages={407--415},
  year={2019},
  publisher={Elsevier}
  \Note : The basic idea behind task scheduling is to slate tasks to minimize time loss and maximize performance. Several research efforts have examined task scheduling in the past.
}

@article{yang2020task,
  title={A task scheduling algorithm considering game theory designed for energy management in cloud computing},
  author={Yang, Jiachen and Jiang, Bin and Lv, Zhihan and Choo, Kim-Kwang Raymond},
  journal={Future Generation computer systems},
  volume={105},
  pages={985--992},
  year={2020},
  publisher={Elsevier}
}

@inproceedings{zhang2018real,
  title={A real-time and non-cooperative task allocation framework for social sensing applications in edge computing systems},
  author={Zhang, Daniel and Ma, Yue and Zhang, Yang and Lin, Suwen and Hu, X Sharon and Wang, Dong},
  booktitle={2018 IEEE Real-Time and Embedded Technology and Applications Symposium (RTAS)},
  pages={316--326},
  year={2018},
  organization={IEEE}
}

@article{zhang2017game,
  title={Game theory based real-time shop floor scheduling strategy and method for cloud manufacturing},
  author={Zhang, Yingfeng and Wang, Jin and Liu, Sichao and Qian, Cheng},
  journal={International Journal of Intelligent Systems},
  volume={32},
  number={4},
  pages={437--463},
  year={2017},
  publisher={Wiley Online Library}
}

@article{li2014non,
  title={A non-cooperative game model for reliability-based task scheduling in cloud computing},
  author={Li, Kai and Wang, Yong and Liu, Meilin},
  journal={arXiv preprint arXiv:1403.5012},
  year={2014}
\Note : In a cloud computing environment, the goal of task scheduling is to achieve the optimal scheduling of
jobs submitted by users, and try to improve the overall throughput of the cloud computing system. 
}

@article{roungas2019game,
  title={The game between game theory and gaming simulations: design choices},
  author={Roungas, Bill and Bekius, Femke and Meijer, Sebastiaan},
  journal={Simulation \& Gaming},
  volume={50},
  number={2},
  pages={180--201},
  year={2019},
  publisher={SAGE Publications Sage CA: Los Angeles, CA}
}

@inproceedings{samadi2018heft,
  title={E-HEFT: enhancement heterogeneous earliest finish time algorithm for task scheduling based on load balancing in cloud computing},
  author={Samadi, Yassir and Zbakh, Mostapha and Tadonki, Claude},
  booktitle={2018 International Conference on High Performance Computing \& Simulation (HPCS)},
  pages={601--609},
  year={2018},
  organization={IEEE}
}

@article{akbar2019game,
  title={A game-based thermal-aware resource allocation strategy for data centers},
  author={Akbar, Saeed and Malik, Saif Ur Rehman and Choo, Kim-Kwang Raymond and Khan, Samee U and Ahmad, Naveed and Anjum, Adeel},
  journal={IEEE Transactions on Cloud Computing},
  volume={9},
  number={3},
  pages={845--853},
  year={2019},
  publisher={IEEE}
}

@article{abrishami2013deadline,
  title={Deadline-constrained workflow scheduling algorithms for infrastructure as a service clouds},
  author={Abrishami, Saeid and Naghibzadeh, Mahmoud and Epema, Dick HJ},
  journal={Future generation computer systems},
  volume={29},
  number={1},
  pages={158--169},
  year={2013},
  publisher={Elsevier}
}

@article{ergu2013analytic,
  title={The analytic hierarchy process: task scheduling and resource allocation in cloud computing environment},
  author={Ergu, Daji and Kou, Gang and Peng, Yi and Shi, Yong and Shi, Yu},
  journal={The Journal of Supercomputing},
  volume={64},
  pages={835--848},
  year={2013},
  publisher={Springer}
}

@article{Kamecke1989Non,
	author = {Kamecke, U.},
	journal = {International Journal of Game Theory},
	number = {4},
	year = {1989},
	month = {12},
	pages = {423--431},
	publisher = {{Springer Science and Business Media LLC}},
	title = {Non-cooperative matching games},
	volume = {18},
	\Note : Non Cooperative game theory
}


@article{Ichiishi1990Comparative,
	author = {Ichiishi, T.},
	journal = {International Journal of Game Theory},
	number = {2},
	year = {1990},
	month = {6},
	pages = {139--152},
	publisher = {{Springer Science and Business Media LLC}},
	title = {Comparative cooperative game theory},
	volume = {19},
	\Note : Cooperative game theory
}

@inproceedings{patra2019game,
  title={Game theoretic approach for real-time task scheduling in cloud computing environment},
  author={Patra, Manoj Kumar and Sahoo, Sampa and Sahoo, Bibhudatta and Turuk, Ashok Kumar},
  booktitle={2019 International Conference on Information Technology (ICIT)},
  pages={454--459},
  year={2019},
  organization={IEEE}
}

@inproceedings{patra2017architecture,
  title={An architecture model for smart city using Cognitive Internet of Things (CIoT)},
  author={Patra, Manoj Kumar},
  booktitle={2017 Second International Conference on Electrical, Computer and Communication Technologies (ICECCT)},
  pages={1--6},
  year={2017},
  organization={IEEE}
}